<?xml version="1.0" encoding="UTF-8"?><record xmlns="http://www.loc.gov/MARC21/slim" xmlns:cinclude="http://apache.org/cocoon/include/1.0" xmlns:zs="http://www.loc.gov/zing/srw/">
  <leader>00534nz  a2200145n  4500</leader>
  <controlfield tag="001">no2008134264</controlfield>
  <controlfield tag="003">DLC</controlfield>
  <controlfield tag="005">20080914081435.0</controlfield>
  <controlfield tag="008">080912n| acannaabn          |n aaa     c</controlfield>
  <datafield tag="010" ind1=" " ind2=" ">
    <subfield code="a">no2008134264</subfield>
  </datafield>
  <datafield tag="035" ind1=" " ind2=" ">
    <subfield code="a">(OCoLC)oca07877734</subfield>
  </datafield>
  <datafield tag="040" ind1=" " ind2=" ">
    <subfield code="a">IEN</subfield>
    <subfield code="b">eng</subfield>
    <subfield code="c">IEN</subfield>
  </datafield>
  <datafield tag="100" ind1="1" ind2=" ">
    <subfield code="a">Song, Joon Jin</subfield>
  </datafield>
  <datafield tag="670" ind1=" " ind2=" ">
    <subfield code="a">A model-based risk map for roadway traffic crashes, 2008:</subfield>
    <subfield code="b">t.p. (Joon J. Song, Ph. D., Mack-Blackwell Rural Transportation Study Center, University of Arkansas)</subfield>
  </datafield>
  <datafield tag="670" ind1=" " ind2=" ">
    <subfield code="a">OCLC, Sept. 12, 2008:</subfield>
    <subfield code="b">(hdg: Song, Joon Jin; usage: Joon Jin Song)</subfield>
  </datafield>
</record>